@article{abadi2013,
  author    = {Daniel Abadi and Peter Boncz and Stavros Harizopoulos and Stratos Idreos and Samuel Madden},
  title     = {The Design and Implementation of Modern Column-Oriented Database Systems},
  journal   = {Foundations and Trends in Databases},
  volume    = {5},
  number    = {3},
  pages     = {197--280},
  year      = {2013},
  doi       = {10.1561/1900000024},
  publisher = {Now Publishers}
}

@article{kanungo2017,
  author       = {Kanungo, Arundhati},
  title        = {Column Oriented Databases},
  journal      = {International Journal of Advance Computational Engineering and Networking (IJACEN)},
  year         = {2017},
  volume       = {5},
  number       = {8},
  pages        = {10--13},
  url          = {https://ijacen.iraj.in/paper_detail.php?paper_id=9020&name=Column_Oriented_Databases}
}

@article{taxir1969,
  author       = {George F. Estabrook and Robert C. Brill},
  title        = {The theory of the TAXIR accessioner},
  journal      = {Mathematical Biosciences},
  volume       = {5},
  number       = {3--4},
  pages        = {327--340},
  year         = {1969},
  issn         = {0025-5564},
  doi          = {10.1016/0025-5564(69)90050-9},
  url          = {https://www.sciencedirect.com/science/article/pii/0025556469900509}
}

@inproceedings{turner1979,
  author       = {M. J. Turner and R. Hammond and P. Cotton},
  title        = {A DBMS For Large Statistical Databases},
  booktitle    = {Proceedings of the Fifth International Conference on Very Large Data Bases (VLDB)},
  year         = {1979},
  pages        = {319--327},
  address      = {Rio de Janeiro, Brazil},
  doi          = {10.1109/VLDB.1979.718147}
}

@article{borra2024,
  author       = {Borra, P.},
  title        = {An overview on cloud data warehouses: Amazon Redshift (AWS), Azure Synapse (Azure), and Google BigQuery (GCP)},
  journal      = {International Journal of Advance Computational Engineering and Networking (IJACEN)},
  year         = {2024},
  volume       = {15},
  number       = {3},
  pages        = {23--27},
  url          = {https://www.researchgate.net/profile/Praveen-Borra/publication/381826724_An_overview_of_cloud_data_warehouses_Amazon_Redshift_AWS_Azure_Synapse_Azure_and_Google_BigQuery_GCP/links/66801ae1f3b61c4e2c9d7f7f/An-overview-of-cloud-data-warehouses-Amazon-Redshift-AWS-Azure-Synapse-Azure-and-Google-BigQuery-GCP.pdf}
}

@article{dourhri2021,
  author       = {Dourhri, A. and Hanine, M. and Ouahmane, H.},
  title        = {Methodology for modeling a column-oriented database with Cassandra},
  journal      = {International Journal of Advance Computational Engineering and Networking (IJACEN)},
  year         = {2021},
  volume       = {1},
  number       = {1},
  pages        = {14--21},
  url          = {https://www.researchgate.net/profile/Ahmed-Dourhri-2/publication/359511781_Methodology_for_modeling_a_column-oriented_database_with_Cassandra/links/6516c21f321ec5513c1e901f/Methodology-for-modeling-a-column-oriented-database-with-Cassandra.pdf}
}

@article{husen2021,
  author       = {Husen, M. and Sarwar, M. and Anwar, M.},
  title        = {Big Data Analysis using BigQuery on Cloud Computing Platform},
  journal      = {Australian Journal of Engineering and Innovative Technology},
  year         = {2021},
  volume       = {3},
  number       = {1},
  pages        = {1--9},
  url          = {https://www.researchgate.net/profile/Md-Anwar-Hossain-6/publication/357589991_Big_data_analysis_using_bigquery_on_cloud_computing_platform/links/65093a2482f01628f030ae1c/Big-data-analysis-using-bigquery-on-cloud-computing-platform.pdf}
}

@article{ilic2022,
  author       = {Ilic, I. and Ilic, S. and Milovanovic, I. and Spavelic, P. and Miljkovic, D.},
  title        = {A Comparison of Query Execution Speeds for Large Amounts of Data Using Various DBMS Engines Executing on Selected RAM and CPU Configurations},
  journal      = {Tehnicki vjesnik},
  year         = {2022},
  volume       = {29},
  number       = {1},
  pages        = {346--353},
  url          = {https://hrcak.srce.hr/file/391031}
}

@article{matei2010,
  author       = {Matei, G.},
  title        = {Column-Oriented Databases, an Alternative for Analytical Environment},
  journal      = {Database Systems Journal},
  year         = {2010},
  volume       = {1},
  number       = {2},
  pages        = {3--16},
  url          = {https://dbjournal.ro/archive/2/1_Gheorghe_Matei.pdf}
}

@article{pathania2022,
  author       = {Pathania, K.},
  title        = {An overview of data warehousing and OLAP technology},
  journal      = {International Journal of Advanced Research in IT and Engineering (IJARIE)},
  year         = {2022},
  volume       = {11},
  number       = {5},
  pages        = {60--73},
  url          = {https://garph.co.uk/IJARIE/May2022/8.pdf}
}

@article{saeed2020,
  author       = {Saeed, N. and Hassan, A.},
  title        = {Big Data with Column Oriented NOSQL Database to Overcome the Drawbacks of Relational Databases},
  journal      = {International Journal of Advanced Networking and Application (IJANA)},
  year         = {2020},
  volume       = {11},
  number       = {5},
  pages        = {4423--4428},
  url          = {https://www.researchgate.net/profile/Naglaa-Saeed/publication/342343434_Big_Data_with_Column_Oriented_NOSQL_Database_to_Overcome_the_Drawbacks_of_Relational_Databases/links/5eeeb590458515814a71996b/Big-Data-with-Column-Oriented-NOSQL-Database-to-Overcome-the-Drawbacks-of-Relational-Databases.pdf}
}

@article{schulze2024,
  author       = {Schulze, R. and Schreiber, T. and Yatsishin, I. and Dahimene, R. and Milovidov, A.},
  title        = {ClickHouse - Lightning Fast Analytics for Everyone},
  journal      = {Association for Computer Machinery},
  year         = {2024},
  volume       = {17},
  number       = {12},
  pages        = {3731--3744},
  url          = {https://www.vldb.org/pvldb/vol17/p3731-schulze.pdf}
}

@article{viswanathan2020,
  author       = {Viswanathan, A. and Mishra, D. and MS, S.},
  title        = {A Study on Columnar Databases},
  journal      = {International Research Journal of Engineering and Technology (IRJET)},
  year         = {2020},
  volume       = {7},
  number       = {4},
  pages        = {6448--6452},
  url          = {https://www.irjet.net/archives/V7/i4/IRJET-V7I41213.pdf}
}

@online{whitney-history-kdb,
  author = {Arthur Whitney},
  title = {History of KDB},
  year = {},
  url = {https://www.timestored.com/kdb-guides/history-of-kdb-arthur-whitney},
  note = {Accedido: 27 de septiembre de 2025}
}

@online{kdb-intro-timestored,
  author       = {TimeStored},
  title        = {Kdb+ q Database Introduction},
  year         = {2023},
  url          = {https://www.timestored.com/kdb-guides/kdb-database-intro},
  note         = {Accedido: 27 de septiembre de 2025}
}

@inproceedings{stonebraker2005cstore,
  title        = {C-Store: A Column-oriented DBMS},
  author       = {Stonebraker, Michael and Abadi, Daniel J. and Batkin, Adam and Chen, Xuedong and Cherniack, Mitch and Ferreira, Miguel and Lau, Edmond and Lin, Amerson and Madden, Sam and O'Neil, Elizabeth and O'Neil, Pat and Rasin, Alex and Tran, Nga and Zdonik, Stan},
  booktitle    = {Proceedings of the 31st VLDB Conference},
  year         = {2005},
  address      = {Trondheim, Norway},
  pages        = {553--564},
  doi          = {10.1145/3226595.3226638}
}